% This file was created with JabRef 2.3b2.
@article{engineering,
  title={Model-based metabolic engineering enables high yield itaconic acid production by \textit{Escherichia coli}},
  author={Harder, Bj{\"o}rn-Johannes and Bettenbrock, Katja and Klamt, Steffen},
  journal={Metabolic Engineering},
  volume={38},
  pages={29--37},
  year={2016},
  publisher={Elsevier}
}

@article{pathway,
  title={Exploiting the pathway structure of metabolism to reveal high-order epistasis},
  author={Imielinski, Marcin and Belta, Calin},
  journal={BMC Systems Biology},
  volume={2},
  number={1},
  pages={40},
  year={2008},
  publisher={BioMed Central}
}

@article{growth,
  title={Growth-coupled overproduction is feasible for almost all metabolites in five major production organisms},
  author={von Kamp, Axel and Klamt, Steffen},
  journal={Nature Communications},
  volume={8},
  pages={15956},
  year={2017},
  publisher={Nature Publishing Group}
}

@article{ecloi_bio,
  title={Design, construction and performance of the most efficient biomass producing \textit{E. coli} bacterium},
  author={Trinh, Cong T and Carlson, Ross and Wlaschin, Aaron and Srienc, Friedrich},
  journal={Metabolic Engineering},
  volume={8},
  number={6},
  pages={628--638},
  year={2006},
  publisher={Elsevier}
}

@article{cbm2,
  title={Constraining the metabolic genotype--phenotype relationship using a phylogeny of in silico methods},
  author={Lewis, Nathan and Nagarajan, Harish and Palsson, Bernhard},
  journal={Nature Reviews Microbiology},
  volume={10},
  number={4},
  pages={291},
  year={2012},
  publisher={Nature Publishing Group}
}

@article{cbm1,
  title={Constraint-based models predict metabolic and associated cellular functions},
  author={Bordbar, Aarash and Monk, Jonathan and King, Zachary and Palsson, Bernhard},
  journal={Nature Reviews Genetics},
  volume={15},
  number={2},
  pages={107},
  year={2014},
  publisher={Nature Publishing Group}
}

@article{bitpattern,
  title={Large-scale computation of elementary flux modes with bit pattern trees},
  author={Terzer, Marco and Stelling, J{\"o}rg},
  journal={Bioinformatics},
  volume={24},
  number={19},
  pages={2229--2235},
  year={2008},
  publisher={Oxford University Press}
}

@article{MHS-survey,
  title={The minimal hitting set generation problem: algorithms and computation},
  author={Gainer-Dewar, Andrew and Vera-Licona, Paola},
  journal={SIAM Journal on Discrete Mathematics},
  volume={31},
  number={1},
  pages={63--100},
  year={2017},
  publisher={SIAM}
}
@inproceedings{MCSs-MILP-Dual2,
  title={Development of an Integrated Framework for Minimal Cut Set Enumeration in Constraint-Based Models},
  author={Vieira, V{\'\i}tor and Maia, Paulo and Rocha, Isabel and Rocha, Miguel},
  booktitle={10th International Conference on Practical Applications of Computational Biology \& Bioinformatics},
  pages={193--201},
  year={2016},
  organization={Springer}
}


@article{MCSs-MILP-Dual,
  title={Enumeration of smallest intervention strategies in genome-scale metabolic networks},
  author={von Kamp, Axel and Klamt, Steffen},
  journal={PLoS Computational Biology},
  volume={10},
  number={1},
  pages={e1003378},
  year={2014},
  publisher={Public Library of Science}
}

@article{sequentialEFM,
  title={Sequential computation of elementary modes and minimal cut sets in genome-scale metabolic networks using alternate integer linear programming},
  author={Song, Hyun-Seob and Goldberg, Noam and Mahajan, Ashutosh and Ramkrishna, Doraiswami},
  journal={Bioinformatics},
  volume={33},
  number={15},
  pages={2345--2353},
  year={2017},
  publisher={Oxford University Press}
}

@article{fernandez,
  title={{DARPP-32} is a robust integrator of dopamine and glutamate signals},
  author={Fernandez, {\'E}ric and Schiappa, Renaud and Girault, Jean-Antoine and Le Nov{\`e}re, Nicolas},
  journal={PLoS Computational Biology},
  volume={2},
  number={12},
  pages={e176},
  year={2006},
  publisher={Public Library of Science}
}


@article{combinedModel,
  title={A combined model of hepatic polyamine and sulfur amino acid metabolism to analyze {S-adenosyl} methionine availability},
  author={Reyes-Palomares, Armando and Monta{\~n}ez, Ra{\'u}l and S{\'a}nchez-Jim{\'e}nez, Francisca and Medina, Miguel},
  journal={Amino Acids},
  volume={42},
  number={2-3},
  pages={597--610},
  year={2012},
  publisher={Springer}
}

@article{Li2012,
  title={Calcium input frequency, duration and amplitude differentially modulate the relative activation of calcineurin and {CaMKII}},
  author={Li, Lu and Stefan, Melanie and Le Nov{\`e}re, Nicolas},
  journal={PloS One},
  volume={7},
  number={9},
  pages={e43810},
  year={2012},
  publisher={Public Library of Science}
}% Encoding: Cp1252


@article{DrugTarget,
   author = "Hartman, Hassan and Fell, David and Rossell, Sergio and Jensen, Peter and Woodward, Martin and Thorndahl, Lotte and Jelsbak, Lotte and Olsen, John and Raghunathan, Anu and Daefler, Simon and Poolman, Mark",
   title = "Identification of potential drug targets in {Salmonella enterica sv. Typhimurium} using metabolic modelling and experimental validation",
   journal = "Microbiology",
   year = "2014",
   volume = "160",
   number = "6", 
   pages = "1252-1266",
   url = "http://mic.microbiologyresearch.org/content/journal/micro/10.1099/mic.0.076091-0"
}

@article{MetabEng,
author = {Mahadevan, Radhakrishnan and von Kamp, Axel and Klamt, Steffen},
title = {Genome-scale strain designs based on regulatory minimal cut sets},
journal = {Bioinformatics},
volume = {31},
number = {17},
pages = {2844-2851},
year = {2015},
doi = {10.1093/bioinformatics/btv217},
URL = {http://dx.doi.org/10.1093/bioinformatics/btv217},
eprint = {/oup/backfile/content_public/journal/bioinformatics/31/17/10.1093_bioinformatics_btv217/2/btv217.pdf}
}

@article{ModelConstruction,
  title={Systematic construction of kinetic models from genome-scale metabolic networks},
  author={Stanford, Natalie and Lubitz, Timo and Smallbone, Kieran and Klipp, Edda and Mendes, Pedro and Liebermeister, Wolfram},
  journal={PloS One},
  volume={8},
  number={11},
  pages={e79195},
  year={2013},
  publisher={Public Library of Science}
}

@article{Biomodels,
  title={{BioModels Database: An} enhanced, curated and annotated resource for published quantitative kinetic models},
  author={Li, Chen and Donizelli, Marco and Rodriguez, Nicolas and Dharuri, Harish and Endler, Lukas and Chelliah, Vijayalakshmi and Li, Lu and He, Enuo and Henry, Arnaud and Stefan, Melanie and others},
  journal={BMC Systems Biology},
  volume={4},
  number={1},
  pages={92},
  year={2010},
  publisher={BioMed Central}
}

@article{Fluxcalculator,
  title={Flux{M}ode{C}alculator: an efficient tool for large-scale flux mode computation},
  author={van Klinken, Jan Bert and Willems van Dijk, Ko},
  journal={Bioinformatics},
  volume={32},
  number={8},
  pages={1265--1266},
  year={2015},
  publisher={Oxford University Press}
}

@article{MILP-app2,
  title={Advances in network-based metabolic pathway analysis and gene expression data integration},
  author={Rezola, Alberto and Pey, Jon and Tobalina, Luis and Rubio, {\'A}ngel and Beasley, John and Planes, Francisco},
  journal={Briefings in Bioinformatics},
  volume={16},
  number={2},
  pages={265--279},
  year={2014},
  publisher={Oxford University Press}
}

@article{MILP-app1,
  title={Selection of human tissue-specific elementary flux modes using gene expression data},
  author={Rezola, Alberto and Pey, Jon and de Figueiredo, Luis and Podhorski, Adam and Schuster, Stefan and Rubio, Angel and Planes, Francisco},
  journal={Bioinformatics},
  volume={29},
  number={16},
  pages={2009--2016},
  year={2013},
  publisher={Oxford University Press}
}

@article{MILP,
  title={Computing the shortest elementary flux modes in genome-scale metabolic networks},
  author={De Figueiredo, Luis and Podhorski, Adam and Rubio, Angel and Kaleta, Christoph and Beasley, John and Schuster, Stefan and Planes, Francisco},
  journal={Bioinformatics},
  volume={25},
  number={23},
  pages={3158--3165},
  year={2009},
  publisher={Oxford University Press}
}

@article{initial_null,
  title={Nullspace approach to determine the elementary modes of chemical reaction systems},
  author={Wagner, Clemens},
  journal={The Journal of Physical Chemistry B},
  volume={108},
  number={7},
  pages={2425--2431},
  year={2004},
  publisher={ACS Publications}
}

@inproceedings{one_direction,
  title={Minimal direction cuts in metabolic networks},
  author={Larhlimi, Abdelhalim and Bockmayr, Alexander},
  booktitle={AIP Conference Proceedings},
  volume={940},
  pages={73--86},
  year={2007},
  organization={AIP}
}

@inproceedings{MFL,
  title={A Duality-Based Method for Identifying Elemental Balance Violations in Metabolic Network Models},
  author={Zabeti, Hooman and Stephen, Tamon and Berger, Bonnie and Chindelevitch, Leonid},
  booktitle={Leibniz International Proceedings in Informatics},
  volume={113},
  year={2018},
  organization={Schloss Dagstuhl-Leibniz-Zentrum fuer Informatik}
}

@article{Conformal,
  title={Elementary vectors and conformal sums in polyhedral geometry and their relevance for metabolic pathway analysis},
  author={M{\"u}ller, Stefan and Regensburger, Georg},
  journal={Frontiers in Genetics},
  volume={7},
  pages={90},
  year={2016},
  publisher={Frontiers}
}

@article{Gagneur,
  title={Computation of elementary modes: a unifying framework and the new binary approach},
  author={Gagneur, Julien and Klamt, Steffen},
  journal={BMC Bioinformatics},
  volume={5},
  number={1},
  pages={175},
  year={2004},
  publisher={BioMed Central}
}

@article{EFM,
  title={A general definition of metabolic pathways useful for systematic organization and analysis of complex metabolic networks},
  author={Schuster, Stefan and Fell, David and Dandekar, Thomas},
  journal={Nature Biotechnology},
  volume={18},
  number={3},
  pages={326},
  year={2000},
  publisher={Nature Publishing Group}
}

@inproceedings{Nafiseh,
  title={Speeding up Dualization in the {F}redman-{K}hachiyan Algorithm {B}},
  author={Sedaghat, Nafiseh and Stephen, Tamon and Chindelevitch, Leonid},
  booktitle={Leibniz International Proceedings in Informatics},
  volume={103},
  year={2018},
  organization={Schloss Dagstuhl-Leibniz-Zentrum fuer Informatik}
}

@article{Dualization,
  title={Computational aspects of monotone dualization: {A} brief survey},
  author={Eiter, Thomas and Makino, Kazuhisa and Gottlob, Georg},
  journal={Discrete Applied Mathematics},
  volume={156},
  number={11},
  pages={2035--2049},
  year={2008},
  publisher={Elsevier}
}

@article{Stephen,
  title={Computing knock-out strategies in metabolic networks},
  author={Haus, Utz-Uwe and Klamt, Steffen and Stephen, Tamon},
  journal={Journal of Computational Biology},
  volume={15},
  number={3},
  pages={259--268},
  year={2008},
  publisher={Mary Ann Liebert, Inc. 2 Madison Avenue Larchmont, NY 10538 USA}
}

@article{Cellnet,
  title={Structural and functional analysis of cellular networks with {C}ell{N}et{A}nalyzer},
  author={Klamt, Steffen and Saez-Rodriguez, Julio and Gilles, Ernst},
  journal={BMC Systems Biology},
  volume={1},
  number={1},
  pages={2},
  year={2007},
  publisher={BioMed Central}
}

@article{FK,
  title={On the complexity of dualization of monotone disjunctive normal forms},
  author={Fredman, Michael and Khachiyan, Leonid},
  journal={Journal of Algorithms},
  volume={21},
  number={3},
  pages={618--628},
  year={1996},
  publisher={Academic Press}
}

@book{Berge,
  title={Hypergraphs: combinatorics of finite sets},
  author={Berge, Claude},
  series = {North-Holland Mathematical Library},
  volume={45},
  year={1984},
  publisher={Elsevier}
}


@article{MCS2,
  title={Generalized concept of minimal cut sets in biochemical networks},
  author={Klamt, Steffen},
  journal={Biosystems},
  volume={83},
  number={2-3},
  pages={233--247},
  year={2006},
  publisher={Elsevier}
}

@article{Price,
  title={Genome-scale models of microbial cells: evaluating the consequences of constraints},
  author={Price, Nathan and Reed, Jennifer and Palsson, Bernhard},
  journal={Nature Reviews Microbiology},
  volume={2},
  number={11},
  pages={886},
  year={2004},
  publisher={Nature Publishing Group}
}

@article{Duality,
  title={Minimal cut sets in a metabolic network are elementary modes in a dual network},
  author={Ballerstein, Kathrin and von Kamp, Axel and Klamt, Steffen and Haus, Utz-Uwe},
  journal={Bioinformatics},
  volume={28},
  number={3},
  pages={381--387},
  year={2011},
  publisher={Oxford University Press}
}

@article{modeling2,
  title={Stoichiometric network analysis},
  author={Clarke, Bruce L},
  journal={Cell Biophysics},
  volume={12},
  number={1},
  pages={237--253},
  year={1988},
  publisher={Springer}
}


@article{modeling,
  title={Stability of complex reaction networks},
  author={Clarke, Bruce L},
  journal={Advances in Chemical Physics},
  pages={1--215},
  year={1980},
  publisher={Wiley Online Library}
}


@article{MCS,
  title={Minimal cut sets in biochemical reaction networks},
  author={Klamt, Steffen and Gilles, Ernst},
  journal={Bioinformatics},
  volume={20},
  number={2},
  pages={226--234},
  year={2004},
  publisher={Oxford University Press}
}


@ARTICLE{FBA1,
  author = {A. Varma and B. Palsson},
  title = {Stoichiometric flux balance models quantitatively
predict growth and metabolic by-product secretion in wild-type {\textit{Escherichia coli} W3110}},
  journal = {Appl. Environ. Microbiol.},
  volume = {60}, 
  pages = {3724–3731},
  year = {1994},
}

@ARTICLE{FBA2,
  author = {Acu{\~n}a, V and Chierichetti, F and Lacroix, V and Marchetti-Spaccamela, A and Sagot, M-F and Stougie, L},
  title =  {Modes and cuts in metabolic networks: complexity and algorithms},
  journal = {BioSystems},
  volume = {95}, 
  pages = {51-60},
  year = {2009},
}


@ARTICLE{Media,
	title = "Systematic Analysis of Conservation Relations in {\textit{Escherichia coli}} Genome-Scale Metabolic Network Reveals Novel Growth Media",
	journal = "Biophysical Journal",
	volume = "90",
	number = "8",
	pages = "2659 - 2672",
	year = "2006",
	issn = "0006-3495",
	author = "Imieliński, M and Belta, C and Rubin, H and Halász, Á"
}

@ARTICLE{COBRA,
  author = {Thiele, I and Palsson, B},
  title = {A protocol for generating a high-quality genome-scale metabolic reconstruction},
  journal = {Nature Protocols},
  volume = {5}, 
  pages = {93-121},
  year = {2010},
}

@article{Balance,
	author = {Ravikrishnan, A and Raman, K},
    year = {2015},
    title = {Critical assessment of genome-scale metabolic networks: the need for a unified standard},
    journal = {Briefings in {B}ioinformatics},
    volume = {16},
    number = {6},
    pages = {1057--1068}
}

@incollection{Syn,
	author = {Heidorn, T and Camsund, D and Huang, H and Lindberg, P and Oliveria, P and Stensjo, K and Lindblad, P},
    year = {2011},
    booktitle = {Methods in Enzymology},
    title = {Synthetic Biology in Cyanobacteria: Engineering and Analyzing Novel Functions},
    publisher = {Academic Press},
    volume = {497},
    pages = {539-579}
}

@article{PSAMM,
	author = {Steffensen, JL and Dufault-Thompson, K and Zhang, Y},
    year = {2016},
    title = {{PSAMM}: A Portable System for the Analysis of Metabolic Models},
    journal = {{PLOS} {C}omputational {B}iology},
    volume = {12},
    number = {2},
    pages = {e1004732}
}

@misc{CPLEX,
    author = {IBM},
	Date-Added = {2017-05-01 18:25:05 +0000},
	Date-Modified = {2017-05-01 18:45:23 +0000},
	Title = {{CPLEX} Optimizer},
	Url = {www-01.ibm.com/software/integration/optimization/cplex-optimizer},
	Bdsk-Url-1 = {http://www-01.ibm.com/software/integration/optimization/cplex-optimizer},
}

@article{QSOpt,
	author = {Applegate, D and Cook, W and Dash, S and Espinoza, D},
    year = {2007},
    title = {Exact solutions to linear programming problems},
    journal = {Operations Research Letters},
    volume = {35},
    pages = {693--699}
}

@techreport{Python,
	author = {van Rossum, G},
    year = {1995}, 
    title = {Python tutorial},
    number = {CS-R9526}, 
    institution = {Centrum voor Wiskunde en Informatica (CWI), Amsterdam} 
}

@ARTICLE{Review,
	author = {Monk, J and Nogales, J and Palsson, B},
 	title = {Optimizing genome-scale network reconstructions}, 
    journal = {Nature Biotechnology},
    volume = {32}, 
    pages = {447-452},
    year = {2014},
}

@phdthesis{Thesis,
	author = {Chindelevitch, Leonid},
	title = {Extracting Information from Biological Networks},
    school = {MIT}, 
    year = {2010},
}

@ARTICLE{MONGOOSE,
	author = {Chindelevitch, Leonid and Trigg, Jason and Regev, Aviv and Berger, Bonnie},
 	title = {An exact arithmetic toolbox for a consistent and reproducible structural analysis of metabolic network models},
    journal = {Nature Communications}, 
    volume = {5},
    issue = {4893},
    year = {2014},
}

@ARTICLE{BiGG,
	author = {King, Zachary and Lu, Justin and Dr\"{a}ger, Andreas and Miller, Philip and Federowicz, Stephen and Lerman, Joshua and Ebrahim, Ali and Palsson, Bernhard and Lewis, Nathan},
	journal = {Nucleic Acids Research},
    title = {{BiGG} {M}odels: {A} platform for integrating, standardizing and sharing genome-scale models},
    volume = {44},
    issue = {D1},
    pages = {D515-D522},
    year = {2015},
}

@ARTICLE{CBS,
	author = {Schuster, S and H\"{o}fer, T},
	title = {Determining all extreme semi-positive conservation relations in chemical reaction systems: a test criterion for conservativity},
    journal = {Journal of the Chemical Society, Faraday Transactions}, 
    volume = {87}, 
    pages = {2561-2566},
    year = {1991},
}

@ARTICLE{candes2008enhancing,
  author={Cand\`es, EJ and Wakin, MB and Boyd, SP},
  title={Enhancing sparsity by reweighted {$\ell_1$} minimization},
  journal={Journal of Fourier Analysis and Applications},
  volume={14},
  number={5-6},
  pages={877--905},
  year={2008},
  publisher={Springer}
}

@incollection{Chapter,
author = {Le, C and Chindelevitch, L},
editor = {Fondi, Marco},
series = {Methods in Molecular Biology},
volume = {1716},
publisher = {Humana Press, New York, NY},
year = {2018},
pages = {77-99},
booktitle = {Metabolic Network Reconstruction and Modeling},
title = {The {MONGOOSE} Rational Arithmetic Toolbox}
}

@book{schrijver2003combinatorial,
  title={Combinatorial optimization: polyhedra and efficiency},
  author={Schrijver, A},
  volume={24},
  year={2003},
  publisher={Springer Science \& Business Media}
}

@book{lee2004first,
  title={A first course in combinatorial optimization},
  author={Lee, J},
  volume={36},
  year={2004},
  publisher={Cambridge University Press}
}
@article{border2013alternative,
  title={Alternative linear inequalities},
  author={Border, KC},
  journal={Cal Tech Lecture Notes},
  year={2013}
}
@article{BKM16,
    AUTHOR = {Bertsimas, D and King, A and Mazumder, R},
     TITLE = {Best subset selection via a modern optimization lens},
   JOURNAL = {Ann. Statist.},
  FJOURNAL = {The Annals of Statistics},
    VOLUME = {44},
      YEAR = {2016},
    NUMBER = {2},
     PAGES = {813--852},
}